@book{eisenbud2013commutative,
	title={Commutative Algebra: with a View Toward Algebraic Geometry},
	author={Eisenbud, D.},
	isbn={9781461253501},
	series={Graduate Texts in Mathematics},
	url={https://books.google.co.in/books?id=xDwmBQAAQBAJ},
	year={2013},
	publisher={Springer New York}
}
@book{matsumura_1987, place={Cambridge}, series={Cambridge Studies in Advanced Mathematics}, title={Commutative Ring Theory}, DOI={10.1017/CBO9781139171762}, publisher={Cambridge University Press}, author={Matsumura, H.}, year={1987}, collection={Cambridge Studies in Advanced Mathematics}}

@book{Awodey,
	address = {Oxford, England},
	author = {Steve Awodey},
	publisher = {Oxford University Press},
	title = {Category Theory, 2nd Edition},
	year = {2010}
}

@misc{nlab:quillen-suslin_theorem,
	author = {{nLab authors}},
	title = {{{Q}}uillen-{{S}}uslin theorem},
	howpublished = {\url{https://ncatlab.org/nlab/show/Quillen-Suslin+theorem}},
	note = {\href{https://ncatlab.org/nlab/revision/Quillen-Suslin+theorem/3}{Revision 3}},
	month = nov,
	year = 2023
}
@book{lang02,
	added-at = {2015-09-12T14:13:44.000+0200},
	address = {New York, NY},
	author = {Lang, Serge},
	biburl = {https://www.bibsonomy.org/bibtex/2a29d0a9dddd526d758757cd99a8609fc/ytyoun},
	interhash = {2575569df400d3a9e85814b5e2397c11},
	intrahash = {a29d0a9dddd526d758757cd99a8609fc},
	isbn = {9781461300410 146130041X},
	keywords = {textbook},
	publisher = {Springer},
	refid = {852792828},
	timestamp = {2015-09-12T14:14:10.000+0200},
	title = {Algebra},
	year = 2002
}

@misc{garner2015enriched,
	title={Enriched categories as a free cocompletion}, 
	author={Richard Garner and Michael Shulman},
	year={2015},
	eprint={1301.3191},
	archivePrefix={arXiv},
	primaryClass={math.CT}
}

@book{riehl_2014, place={Cambridge}, series={New Mathematical Monographs}, title={Categorical Homotopy Theory}, DOI={10.1017/CBO9781107261457}, publisher={Cambridge University Press}, author={Riehl, Emily}, year={2014}, collection={New Mathematical Monographs}}

@book{lane1998categories,
	title={Categories for the Working Mathematician},
	author={Lane, S.M.},
	isbn={9780387984032},
	lccn={97045229},
	series={Graduate Texts in Mathematics},
	url={https://books.google.co.in/books?id=MXboNPdTv7QC},
	year={1998},
	publisher={Springer}
}

@article{Swan1962,
	title = {Vector bundles and projective modules},
	volume = {105},
	ISSN = {1088-6850},
	url = {http://dx.doi.org/10.1090/S0002-9947-1962-0143225-6},
	DOI = {10.1090/s0002-9947-1962-0143225-6},
	number = {2},
	journal = {Transactions of the American Mathematical Society},
	publisher = {American Mathematical Society (AMS)},
	author = {Swan,  Richard G.},
	year = {1962},
	pages = {264â€“277}
}

@book{weibel2013k,
	title={The K-book: An Introduction to Algebraic K-theory},
	author={Weibel, C.A. and American Mathematical Society},
	isbn={9781470409432},
	series={Graduate Studies in Mathematics},
	url={https://books.google.co.in/books?id=YrnZjwEACAAJ},
	year={2013},
	publisher={American Mathematical Society}
}

@misc{stacks1,
	author       = {The {Stacks project authors}},
	title        = {The Stacks project},
	howpublished = {\url{https://stacks.math.columbia.edu}},
	year         = {(Last Accessed \today)},
	url  = {https://stacks.math.columbia.edu/}
	urldate     = {\today},
}
@book{milnor1974characteristic,
	title={Characteristic Classes},
	author={Milnor, J.W. and Stasheff, J.D.},
	isbn={9780691081229},
	lccn={lc72004050},
	series={Annals of mathematics studies},
	url={https://books.google.co.in/books?id=5zQ9AFk1i4EC},
	year={1974},
	publisher={Princeton University Press}
}

@book{adams1974stable,
	title={Stable Homotopy and Generalised Homology},
	author={Adams, J.F.},
	isbn={9780226005249},
	lccn={74005735},
	series={Chicago Lectures in Mathematics},
	url={https://books.google.co.in/books?id=6vG13YQcPnYC},
	year={1974},
	publisher={University of Chicago Press}
}

@book{lam1999lectures,
	title={Lectures on Modules and Rings},
	author={Lam, T.Y.},
	isbn={9780387984285},
	lccn={98018389},
	series={Graduate Texts in Mathematics},
	url={https://books.google.co.in/books?id=r9VoYbk-8c4C},
	year={1999},
	publisher={Springer New York}
}

@article{grothendieck1957quelques,
	title={Sur quelques points d'alg{\`e}bre homologique},
	author={Grothendieck, Alexandre},
	journal={Tohoku Mathematical Journal, Second Series},
	volume={9},
	number={2},
	pages={119--183},
	year={1957},
	publisher={Mathematical Institute, Tohoku University}
}
@book{weibel_1994, place={Cambridge}, series={Cambridge Studies in Advanced Mathematics}, title={An Introduction to Homological Algebra}, DOI={10.1017/CBO9781139644136}, publisher={Cambridge University Press}, author={Weibel, Charles A.}, year={1994}, collection={Cambridge Studies in Advanced Mathematics}}

@book{riehl2017category,
	title={Category Theory in Context},
	author={Riehl, E.},
	isbn={9780486820804},
	series={Aurora: Dover Modern Math Originals},
	url={https://books.google.co.in/books?id=6B9MDgAAQBAJ},
	year={2017},
	publisher={Dover Publications}
}
@book{lam2001first,
	title={A First Course in Noncommutative Rings},
	author={Lam, T.Y.},
	isbn={9780387951836},
	lccn={00052277},
	series={Graduate Texts in Mathematics},
	url={https://books.google.co.in/books?id=f15FyZuZ3-4C},
	year={2001},
	publisher={Springer}
}

@book{gabriel1967calculus,
	title={Calculus of Fractions and Homotopy Theory},
	author={Gabriel, P. and Zisman, M.},
	isbn={9783642858451},
	lccn={lc67010470},
	series={Ergebnisse der Mathematik und ihrer Grenzgebiete},
	url={https://books.google.co.in/books?id=rtDWwQEACAAJ},
	year={1967},
	publisher={3Island Press}
}
