%@book{eisenbud2013commutative,
%	title={Commutative Algebra: with a View Toward Algebraic Geometry},
%	author={Eisenbud, D.},
%	isbn={9781461253501},
%	series={Graduate Texts in Mathematics},
%	url={https://books.google.co.in/books?id=xDwmBQAAQBAJ},
%	year={2013},
%	publisher={Springer New York}
%}
@book{matsumura_1987, place={Cambridge}, series={Cambridge Studies in Advanced Mathematics}, title={Commutative Ring Theory}, DOI={10.1017/CBO9781139171762}, publisher={Cambridge University Press}, author={Matsumura, H.}, year={1987}, collection={Cambridge Studies in Advanced Mathematics}}

%@book{Awodey,
%	address = {Oxford, England},
%	author = {Steve Awodey},
%	publisher = {Oxford University Press},
%	title = {Category Theory, 2nd Edition},
%	year = {2010}
%}

%@misc{nlab:quillen-suslin_theorem,
%	author = {{nLab authors}},
%	title = {{{Q}}uillen-{{S}}uslin theorem},
%	howpublished = {\url{https://ncatlab.org/nlab/show/Quillen-Suslin+theorem}},
%	note = {\href{https://ncatlab.org/nlab/revision/Quillen-Suslin+theorem/3}{Revision 3}},
%	month = nov,
%	year = 2023
%}
@book{lang02,
	added-at = {2015-09-12T14:13:44.000+0200},
	address = {New York, NY},
	author = {Lang, Serge},
	biburl = {https://www.bibsonomy.org/bibtex/2a29d0a9dddd526d758757cd99a8609fc/ytyoun},
	interhash = {2575569df400d3a9e85814b5e2397c11},
	intrahash = {a29d0a9dddd526d758757cd99a8609fc},
	isbn = {9781461300410 146130041X},
	keywords = {textbook},
	publisher = {Springer},
	refid = {852792828},
	timestamp = {2015-09-12T14:14:10.000+0200},
	title = {Algebra},
	year = 2002
}

%@misc{garner2015enriched,
%	title={Enriched categories as a free cocompletion}, 
%	author={Richard Garner and Michael Shulman},
%	year={2015},
%	eprint={1301.3191},
%	archivePrefix={arXiv},
%	primaryClass={math.CT}
%}
%
%@book{riehl_2014, place={Cambridge}, series={New Mathematical Monographs}, title={Categorical Homotopy Theory}, DOI={10.1017/CBO9781107261457}, publisher={Cambridge University Press}, author={Riehl, Emily}, year={2014}, collection={New Mathematical Monographs}}
%
%@book{lane1998categories,
%	title={Categories for the Working Mathematician},
%	author={Lane, S.M.},
%	isbn={9780387984032},
%	lccn={97045229},
%	series={Graduate Texts in Mathematics},
%	url={https://books.google.co.in/books?id=MXboNPdTv7QC},
%	year={1998},
%	publisher={Springer}
%}

%@article{Swan1962,
%	title = {Vector bundles and projective modules},
%	volume = {105},
%	ISSN = {1088-6850},
%	url = {http://dx.doi.org/10.1090/S0002-9947-1962-0143225-6},
%	DOI = {10.1090/s0002-9947-1962-0143225-6},
%	number = {2},
%	journal = {Transactions of the American Mathematical Society},
%	publisher = {American Mathematical Society (AMS)},
%	author = {Swan,  Richard G.},
%	year = {1962},
%	pages = {264–277}
%}

@book{weibel2013k,
	title={The K-book: An Introduction to Algebraic K-theory},
	author={Weibel, C.A. and American Mathematical Society},
	isbn={9781470409432},
	series={Graduate Studies in Mathematics},
	url={https://books.google.co.in/books?id=YrnZjwEACAAJ},
	year={2013},
	publisher={American Mathematical Society}
}

%@misc{stacks1,
%	author       = {The {Stacks project authors}},
%	title        = {The Stacks project},
%	howpublished = {\url{https://stacks.math.columbia.edu}},
%	year         = {(Last Accessed \today)},
%	url  = {https://stacks.math.columbia.edu/}
%	urldate     = {\today},
%}
%@book{milnor1974characteristic,
%	title={Characteristic Classes},
%	author={Milnor, J.W. and Stasheff, J.D.},
%	isbn={9780691081229},
%	lccn={lc72004050},
%	series={Annals of mathematics studies},
%	url={https://books.google.co.in/books?id=5zQ9AFk1i4EC},
%	year={1974},
%	publisher={Princeton University Press}
%}

%@book{adams1974stable,
%	title={Stable Homotopy and Generalised Homology},
%	author={Adams, J.F.},
%	isbn={9780226005249},
%	lccn={74005735},
%	series={Chicago Lectures in Mathematics},
%	url={https://books.google.co.in/books?id=6vG13YQcPnYC},
%	year={1974},
%	publisher={University of Chicago Press}
%}

@book{lam1999lectures,
	title={Lectures on Modules and Rings},
	author={Lam, T.Y.},
	isbn={9780387984285},
	lccn={98018389},
	series={Graduate Texts in Mathematics},
	url={https://books.google.co.in/books?id=r9VoYbk-8c4C},
	year={1999},
	publisher={Springer New York}
}
%
%@article{grothendieck1957quelques,
%	title={Sur quelques points d'alg{\`e}bre homologique},
%	author={Grothendieck, Alexandre},
%	journal={Tohoku Mathematical Journal, Second Series},
%	volume={9},
%	number={2},
%	pages={119--183},
%	year={1957},
%	publisher={Mathematical Institute, Tohoku University}
%}
%@book{weibel_1994, place={Cambridge}, series={Cambridge Studies in Advanced Mathematics}, title={An Introduction to Homological Algebra}, DOI={10.1017/CBO9781139644136}, publisher={Cambridge University Press}, author={Weibel, Charles A.}, year={1994}, collection={Cambridge Studies in Advanced Mathematics}}
%
%@book{riehl2017category,
%	title={Category Theory in Context},
%	author={Riehl, E.},
%	isbn={9780486820804},
%	series={Aurora: Dover Modern Math Originals},
%	url={https://books.google.co.in/books?id=6B9MDgAAQBAJ},
%	year={2017},
%	publisher={Dover Publications}
%}
@book{lam2001first,
	title={A First Course in Noncommutative Rings},
	author={Lam, T.Y.},
	isbn={9780387951836},
	lccn={00052277},
	series={Graduate Texts in Mathematics},
	url={https://books.google.co.in/books?id=f15FyZuZ3-4C},
	year={2001},
	publisher={Springer}
}

%@book{gabriel1967calculus,
%	title={Calculus of Fractions and Homotopy Theory},
%	author={Gabriel, P. and Zisman, M.},
%	isbn={9783642858451},
%	lccn={lc67010470},
%	series={Ergebnisse der Mathematik und ihrer Grenzgebiete},
%	url={https://books.google.co.in/books?id=rtDWwQEACAAJ},
%	year={1967},
%	publisher={3Island Press}
%}

%@book{freyd1964abelian,
%	title={Abelian Categories: An Introduction to the Theory of Functors},
%	author={Freyd, P. and Freyd, P.J.},
%	lccn={64012785},
%	series={A harper international edition},
%	url={https://books.google.co.in/books?id=Yg2oAAAAIAAJ},
%	year={1964},
%	publisher={Harper \& Row}
%}
%
%@MISC {47762,
%	TITLE = {Freyd-Mitchell's embedding theorem},
%	AUTHOR = {Buehler,Theo. (https://mathoverflow.net/users/11081/theo-buehler)},
%	HOWPUBLISHED = {MathOverflow},
%	NOTE = {URL:https://mathoverflow.net/q/47762 (version: 2012-12-26), Last Accessed \today},
%	EPRINT = {https://mathoverflow.net/q/47762},
%	URL = {https://mathoverflow.net/q/47762}
%}

%@book{karoubi2008k,
%	title={K-Theory: An Introduction},
%	author={Karoubi, M.},
%	isbn={9783540798897},
%	lccn={77023162},
%	series={Classics in Mathematics},
%	url={https://books.google.co.in/books?id=fJzlLkHBYTYC},
%	year={2008},
%	publisher={Springer}
%}

@article{suslin1977,
	doi = {10.1070/SM1977v031n04ABEH003717},
	url = {https://dx.doi.org/10.1070/SM1977v031n04ABEH003717},
	year = {1977},
	month = {apr},
	publisher = {},
	volume = {31},
	number = {4},
	pages = {479},
	author = {A A Suslin},
	title = {ON STABLY FREE MODULES},
	journal = {Mathematics of the USSR-Sbornik},
	abstract = {In this paper we show that if A is an affine algebra of dimension n over an algebraically closed field, then each stably free module whose rank is greater than or equal to n is free. We also obtain some results on orbits of unimodular rows.  Bibliography: 17 titles.}
}

@InProceedings{suslin1982,
	author="Suslin, A. A.",
	editor="Dennis, R. Keith",
	title="Mennicke symbols and their applications in the k-theory of fields",
	booktitle="Algebraic K-Theory",
	year="1982",
	publisher="Springer Berlin Heidelberg",
	address="Berlin, Heidelberg",
	pages="334--356",
	isbn="978-3-540-39553-9"
}

@book{lam2010serre,
	title={Serre's Problem on Projective Modules},
	author={Lam, T.Y.},
	isbn={9783540345756},
	lccn={2006922216},
	series={Springer Monographs in Mathematics},
	url={https://books.google.co.in/books?id=7K-h_v_JPf8C},
	year={2010},
	publisher={Springer Berlin Heidelberg}
}

@article{hairyball,
	author = {Peter McGrath},
	title = {An Extremely Short Proof of the Hairy Ball Theorem},
	journal = {The American Mathematical Monthly},
	volume = {123},
	number = {5},
	pages = {502--503},
	year = {2016},
	publisher = {Taylor \& Francis},
	doi = {10.4169/amer.math.monthly.123.5.502},
	
	
	URL = { 
	
	
	https://www.tandfonline.com/doi/abs/10.4169/amer.math.monthly.123.5.502
	
	
	},
	eprint = { 
	
	
	https://www.tandfonline.com/doi/pdf/10.4169/amer.math.monthly.123.5.502
	
	
	}
	
}

@book{rosenberg1995algebraic,
	title={Algebraic K-Theory and Its Applications},
	author={Rosenberg, J.},
	isbn={9780387942483},
	lccn={96114570},
	series={Graduate Texts in Mathematics},
	url={https://books.google.co.in/books?id=TtMkTEZbYoYC},
	year={1995},
	publisher={Springer New York}
}
%@article{Fossum1980,
%	author = {Fossum, Robert M.},
%	journal = {Publications mathématiques et informatique de Rennes},
%	language = {eng},
%	number = {S3},
%	pages = {63-81},
%	publisher = {Département de Mathématiques et Informatique, Université de Rennes},
%	title = {A Characteristic Class in Algebraic K-Theory},
%	url = {http://eudml.org/doc/273845},
%	year = {1980},
%}